@article{Bocquet2020Online,
  title = {Online Learning of Both State and Dynamics Using Ensemble {{Kalman}} Filters},
  author = {Bocquet, Marc and Farchi, Alban and Malartic, Quentin},
  year = {2020},
  journal = {Foundations of Data Science},
  volume = {3},
  number = {3},
  pages = {305--330},
  publisher = {Foundations of Data Science},
  doi = {10.3934/fods.2020015}
}

@inproceedings{Borovitskiy2023Matern,
  title = {Mat{\'e}rn {{Gaussian}} Processes on {{Riemannian}} Manifolds},
  booktitle = {Advances in {{Neural Information Processing Systems}}},
  author = {Borovitskiy, Viacheslav and Terenin, Alexander and Mostowsky, Peter and Deisenroth, Marc Peter},
  year = {2023},
  month = apr,
  eprint = {2006.10160},
  publisher = {arXiv},
  doi = {10.48550/arXiv.2006.10160},
  archiveprefix = {arXiv}
}

@article{Brajard2020Combining,
  title = {Combining Data Assimilation and Machine Learning to Emulate a Dynamical Model from Sparse and Noisy Observations: {{A}} Case Study with the {{Lorenz}} 96 Model},
  shorttitle = {Combining Data Assimilation and Machine Learning to Emulate a Dynamical Model from Sparse and Noisy Observations},
  author = {Brajard, Julien and Carrassi, Alberto and Bocquet, Marc and Bertino, Laurent},
  year = {2020},
  month = jul,
  journal = {Journal of Computational Science},
  volume = {44},
  pages = {101171},
  doi = {10.1016/j.jocs.2020.101171}
}

@article{Chen2012Ensemble,
  title = {Ensemble {{Randomized Maximum Likelihood Method}} as an {{Iterative Ensemble Smoother}}},
  author = {Chen, Yan and Oliver, Dean S.},
  year = {2012},
  month = jan,
  journal = {Mathematical Geosciences},
  volume = {44},
  number = {1},
  pages = {1--26},
  doi = {10.1007/s11004-011-9376-z}
}

@article{Cheng2023Machine,
  title = {Machine {{Learning With Data Assimilation}} and {{Uncertainty Quantification}} for {{Dynamical Systems}}: {{A Review}}},
  shorttitle = {Machine {{Learning With Data Assimilation}} and {{Uncertainty Quantification}} for {{Dynamical Systems}}},
  author = {Cheng, Sibo and {Quilodr{\'a}n-Casas}, C{\'e}sar and Ouala, Said and Farchi, Alban and Liu, Che and Tandeo, Pierre and Fablet, Ronan and Lucor, Didier and Iooss, Bertrand and Brajard, Julien and Xiao, Dunhui and Janjic, Tijana and Ding, Weiping and Guo, Yike and Carrassi, Alberto and Bocquet, Marc and Arcucci, Rossella},
  year = {2023},
  journal = {IEEE/CAA Journal of Automatica Sinica},
  volume = {10},
  number = {6},
  pages = {1361--1387},
  publisher = {IEEE/CAA Journal of Automatica Sinica},
  doi = {10.1109/JAS.2023.123537}
}

@incollection{Chiles2005Prediction,
  title = {Prediction by Conditional Simulation: Models and Algorithms},
  shorttitle = {Prediction by Conditional Simulation},
  booktitle = {Space, {{Structure}} and {{Randomness}}: {{Contributions}} in {{Honor}} of {{Georges Matheron}} in the {{Field}} of {{Geostatistics}}, {{Random Sets}} and {{Mathematical Morphology}}},
  author = {Chil{\`e}s, Jean-Paul and Lantu{\'e}joul, Christian},
  editor = {Bilodeau, Michel and Meyer, Fernand and Schmitt, Michel},
  year = {2005},
  series = {Lecture {{Notes}} in {{Statistics}}},
  pages = {39--68},
  publisher = {Springer},
  address = {New York, NY},
  doi = {10.1007/0-387-29115-6_3},
  isbn = {978-0-387-29115-4}
}

@incollection{Chiles2018Fifty,
  title = {Fifty {{Years}} of {{Kriging}}},
  booktitle = {Handbook of {{Mathematical Geosciences}}},
  author = {Chil{\`e}s, Jean-Paul and Desassis, Nicolas},
  year = {2018},
  pages = {589--612},
  publisher = {Springer International Publishing},
  address = {Cham},
  doi = {10.1007/978-3-319-78999-6_29},
  isbn = {978-3-319-78998-9 978-3-319-78999-6}
}

@article{DelMoral2017Stability,
  title = {On the {{Stability}} and the {{Uniform Propagation}} of {{Chaos}} of a {{Class}} of {{Extended Ensemble Kalman-Bucy Filters}}},
  author = {Del Moral, P. and Kurtzmann, A. and Tugaut, J.},
  year = {2017},
  month = jan,
  journal = {SIAM Journal on Control and Optimization},
  volume = {55},
  number = {1},
  pages = {119--155},
  doi = {10.1137/16M1087497}
}

@techreport{Doucet2010Note,
  type = {Technical {{Report}}},
  title = {A {{Note}} on {{Efficient Conditional Simulation}} of {{Gaussian Distributions}}},
  author = {Doucet, Arnaud},
  year = {2010},
  institution = {University of British Columbia}
}

@incollection{Dubrule2018Kriging,
  title = {Kriging, {{Splines}}, {{Conditional Simulation}}, {{Bayesian Inversion}} and {{Ensemble Kalman Filtering}}},
  booktitle = {Handbook of {{Mathematical Geosciences}}: {{Fifty Years}} of {{IAMG}}},
  author = {Dubrule, Olivier},
  editor = {Daya Sagar, B.S. and Cheng, Qiuming and Agterberg, Frits},
  year = {2018},
  pages = {3--24},
  publisher = {Springer International Publishing},
  address = {Cham},
  doi = {10.1007/978-3-319-78999-6_1},
  isbn = {978-3-319-78999-6}
}

@article{Evensen2003Ensemble,
  title = {The {{Ensemble Kalman Filter}}: Theoretical Formulation and Practical Implementation},
  shorttitle = {The {{Ensemble Kalman Filter}}},
  author = {Evensen, Geir},
  year = {2003},
  month = nov,
  journal = {Ocean Dynamics},
  volume = {53},
  number = {4},
  pages = {343--367},
  doi = {10.1007/s10236-003-0036-9}
}

@book{Evensen2009Data,
  title = {Data {{Assimilation}} - {{The Ensemble Kalman Filter}}},
  author = {Evensen, Geir},
  year = {2009},
  publisher = {Springer},
  address = {Berlin; Heidelberg},
  doi = {10.1007/978-3-642-03711-5},
  isbn = {978-3-642-03711-5 3-642-03711-9}
}

@article{Evensen2009Ensemble,
  title = {The Ensemble {{Kalman}} Filter for Combined State and Parameter Estimation},
  author = {Evensen, Geir},
  year = {2009},
  month = jun,
  journal = {IEEE Control Systems},
  volume = {29},
  number = {3},
  pages = {83--104},
  doi = {10.1109/MCS.2009.932223}
}

@article{Hunt2007Efficient,
  title = {Efficient Data Assimilation for Spatiotemporal Chaos: {{A}} Local Ensemble Transform {{Kalman}} Filter},
  shorttitle = {Efficient Data Assimilation for Spatiotemporal Chaos},
  author = {Hunt, Brian R. and Kostelich, Eric J. and Szunyogh, Istvan},
  year = {2007},
  month = jun,
  journal = {Physica D: Nonlinear Phenomena},
  series = {Data {{Assimilation}}},
  volume = {230},
  number = {1},
  pages = {112--126},
  doi = {10.1016/j.physd.2006.11.008}
}

@article{Iglesias2013Ensemble,
  title = {Ensemble {{Kalman}} Methods for Inverse Problems},
  author = {Iglesias, Marco A. and Law, Kody J. H. and Stuart, Andrew M.},
  year = {2013},
  month = mar,
  journal = {Inverse Problems},
  volume = {29},
  number = {4},
  pages = {045001},
  publisher = {IOP Publishing},
  doi = {10.1088/0266-5611/29/4/045001}
}

@article{Kelly2014Wellposedness,
  title = {Well-Posedness and Accuracy of the Ensemble {{Kalman}} Filter in Discrete and Continuous Time},
  author = {Kelly, D. T. B. and Law, K. J. H. and Stuart, A. M.},
  year = {2014},
  journal = {Nonlinearity},
  volume = {27},
  number = {10},
  pages = {2579},
  doi = {10.1088/0951-7715/27/10/2579}
}

@inproceedings{Kuzin2018Ensemble,
  title = {Ensemble {{Kalman Filtering}} for {{Online Gaussian Process Regression}} and {{Learning}}},
  booktitle = {2018 21st {{International Conference}} on {{Information Fusion}} ({{FUSION}})},
  author = {Kuzin, Danil and Yang, Le and Isupova, Olga and Mihaylova, Lyudmila},
  year = {2018},
  month = jul,
  eprint = {1807.03369},
  pages = {39--46},
  doi = {10.23919/ICIF.2018.8455785},
  archiveprefix = {arXiv}
}

@article{Kwiatkowski2015Convergence,
  title = {Convergence of the {{Square Root Ensemble Kalman Filter}} in the {{Large Ensemble Limit}}},
  author = {Kwiatkowski, Evan and Mandel, Jan},
  year = {2015},
  month = jan,
  journal = {SIAM/ASA Journal on Uncertainty Quantification},
  volume = {3},
  number = {1},
  pages = {1--17},
  publisher = {{Society for Industrial and Applied Mathematics}},
  doi = {10.1137/140965363}
}

@incollection{LeGland2011Large,
  title = {Large Sample Asymptotics for the Ensemble {{Kalman}} Filter},
  booktitle = {The {{Oxford Handbook}} of {{Nonlinear Filtering}},},
  author = {Le Gland, Fran{\c c}ois and Monbet, Val{\'e}rie and Tran, Vu-Duc},
  year = {2011},
  pages = {598},
  publisher = {Oxford University Press}
}

@misc{MacKinlay2025Ensemble,
  title = {The {{Ensemble Kalman Update}} Is an {{Empirical Matheron Update}}},
  author = {MacKinlay, Dan},
  year = {2025},
  month = feb,
  number = {arXiv:2502.03048},
  eprint = {2502.03048},
  publisher = {arXiv},
  doi = {10.48550/arXiv.2502.03048},
  archiveprefix = {arXiv}
}

@inproceedings{MacKinlay2025Gaussian,
  title = {Gaussian {{Ensemble Belief Propagation}} for {{Efficient Inference}} in {{High-Dimensional Systems}}},
  booktitle = {Proceedings of the International Conference on Learning Representations ({{ICLR}})},
  author = {MacKinlay, Dan and Tsuchida, Russell and Pagendam, Dan and Kuhnert, Petra},
  year = {2025},
  month = apr,
  eprint = {2402.08193},
  publisher = {ICLR},
  doi = {10.48550/arXiv.2402.08193},
  archiveprefix = {arXiv}
}

@article{Malartic2021State,
  title = {State, Global and Local Parameter Estimation Using Local Ensemble {{Kalman}} Filters: Applications to Online Machine Learning of Chaotic Dynamics},
  shorttitle = {State, Global and Local Parameter Estimation Using Local Ensemble {{Kalman}} Filters},
  author = {Malartic, Quentin and Farchi, Alban and Bocquet, Marc},
  year = {2021},
  month = jul,
  journal = {arXiv:2107.11253 [nlin, physics:physics, stat]},
  eprint = {2107.11253},
  archiveprefix = {arXiv}
}

@article{Mandel2011Convergence,
  title = {On the Convergence of the Ensemble {{Kalman}} Filter},
  author = {Mandel, Jan and Cobb, Loren and Beezley, Jonathan D.},
  year = {2011},
  journal = {Applications of Mathematics},
  volume = {56},
  number = {6},
  pages = {533--541},
  publisher = {Institute of Mathematics, Academy of Sciences of the Czech Republic},
  doi = {10.1007/s10492-011-0031-2}
}

@techreport{Petersen2012Matrix,
  title = {The {{Matrix Cookbook}}},
  author = {Petersen, Kaare Brandt and Pedersen, Michael Syskind},
  year = {2012}
}

@misc{Raanes2024DAPPER,
  title = {{{DAPPER}}: {{Data}} Assimilation with Python: A Package for Experimental Research},
  author = {Raanes, Patrick N. and Chen, Yumeng and Grudzien, Colin and Tondeur, Maxime and Dubois, Remy},
  year = {2024},
  month = feb,
  publisher = {Zenodo},
  doi = {10.5281/zenodo.10710355},
  version = {1.6.0}
}

@article{Schillings2017Analysis,
  title = {Analysis of the {{Ensemble Kalman Filter}} for {{Inverse Problems}}},
  author = {Schillings, Claudia and Stuart, Andrew M.},
  year = {2017},
  month = jan,
  journal = {SIAM Journal on Numerical Analysis},
  volume = {55},
  number = {3},
  eprint = {1602.02020},
  pages = {1264--1290},
  publisher = {{Society for Industrial and Applied Mathematics}},
  doi = {10.1137/16M105959X},
  archiveprefix = {arXiv}
}

@article{Spantini2022Coupling,
  title = {Coupling {{Techniques}} for {{Nonlinear Ensemble Filtering}}},
  author = {Spantini, Alessio and Baptista, Ricardo and Marzouk, Youssef},
  year = {2022},
  month = nov,
  journal = {SIAM Review},
  volume = {64},
  number = {4},
  pages = {921--953},
  publisher = {{Society for Industrial and Applied Mathematics}},
  doi = {10.1137/20M1312204}
}

@article{Wikle2007Bayesian,
  title = {A {{Bayesian}} Tutorial for Data Assimilation},
  author = {Wikle, Christopher K. and Berliner, L. Mark},
  year = {2007},
  month = jun,
  journal = {Physica D: Nonlinear Phenomena},
  series = {Data {{Assimilation}}},
  volume = {230},
  number = {1},
  pages = {1--16},
  doi = {10.1016/j.physd.2006.09.017}
}

@inproceedings{Wilson2020Efficiently,
  title = {Efficiently Sampling Functions from {{Gaussian}} Process Posteriors},
  booktitle = {Proceedings of the 37th {{International Conference}} on {{Machine Learning}}},
  author = {Wilson, James T and Borovitskiy, Viacheslav and Terenin, Alexander and Mostowsky, Peter and Deisenroth, Marc},
  year = {2020},
  month = nov,
  eprint = {2002.09309},
  pages = {10292--10302},
  publisher = {PMLR},
  archiveprefix = {arXiv}
}

@article{Wilson2021Pathwise,
  title = {Pathwise {{Conditioning}} of {{Gaussian Processes}}},
  author = {Wilson, James T and Borovitskiy, Viacheslav and Terenin, Alexander and Mostowsky, Peter and Deisenroth, Marc Peter},
  year = {2021},
  journal = {Journal of Machine Learning Research},
  volume = {22},
  number = {105},
  eprint = {2011.04026},
  pages = {1--47},
  archiveprefix = {arXiv}
}
